@inproceedings{gibert2018hate,
    title = "{Hate Speech Dataset from a White Supremacy Forum}",
    author = "de Gibert, Ona  and
      Perez, Naiara  and
      Garc{\'\i}a-Pablos, Aitor  and
      Cuadros, Montse",
    booktitle = "Proceedings of the 2nd Workshop on Abusive Language Online ({ALW}2)",
    month = oct,
    year = "2018",
    address = "Brussels, Belgium",
    publisher = "Association for Computational Linguistics",
    url = "https://www.aclweb.org/anthology/W18-5102",
    doi = "10.18653/v1/W18-5102",
    pages = "11--20",
}

@InProceedings{toraman2022large,
  author    = {Toraman, Cagri  and  \c{S}ahinu\c{c}, Furkan and Yilmaz, Eyup Halit},
  title     = {Large-Scale Hate Speech Detection with Cross-Domain Transfer},
  booktitle = {Proceedings of the Language Resources and Evaluation Conference},
  month     = {June},
  year      = {2022},
  address   = {Marseille, France},
  publisher = {European Language Resources Association},
  pages     = {2215--2225},
  url       = {https://aclanthology.org/2022.lrec-1.238}
}

@article{kennedy2020constructing,
  title={Constructing interval variables via faceted Rasch measurement and multitask deep learning: a hate speech application},
  author={Kennedy, Chris J and Bacon, Geoff and Sahn, Alexander and von Vacano, Claudia},
  journal={arXiv preprint arXiv:2009.10277},
  year={2020}
}

@inproceedings{mathew2021hatexplain,
  title={HateXplain: A Benchmark Dataset for Explainable Hate Speech Detection},
  author={Mathew, Binny and Saha, Punyajoy and Yimam, Seid Muhie and Biemann, Chris and Goyal, Pawan and Mukherjee, Animesh},
  booktitle={Proceedings of the AAAI Conference on Artificial Intelligence},
  volume={35},
  number={17},
  pages={14867--14875},
  year={2021}
}

@inproceedings{hateoffensive,
  title = {Automated Hate Speech Detection and the Problem of Offensive Language},
  author = {Davidson, Thomas and Warmsley, Dana and Macy, Michael and Weber, Ingmar}, 
  booktitle = {Proceedings of the 11th International AAAI Conference on Web and Social Media},
  series = {ICWSM '17},
  year = {2017},
  location = {Montreal, Canada},
  pages = {512-515}
}